@BOOK{Smith:2012qr,
	title = {{B}ook {T}itle},
	publisher = {Publisher},
	author = {Smith, J.~M. and Jones, A.~B.},
	year = {2012},
	edition = {7th},
}

@ARTICLE{Smith:2013jd,
	author = {Jones, A.~B. and Smith, J.~M.},
	title = {{A}rticle {T}itle},
	journal = {{J}ournal {T}itle},
	year = {2013},
	volume = {13},
	pages = {123-456},
	number = {52},
	month = {March},
	publisher = {Publisher}
}

@article{caird2002human,
  title={Human factors analysis of highway-railway grade crossing accidents in Canada},
  author={Caird, JK},
  year={2002}
}

@article{sussman2007railroad,
  title={Railroad human factors},
  author={Sussman, E Donald and Raslear, Thomas G},
  journal={Reviews of human factors and ergonomics},
  volume={3},
  number={1},
  pages={148--189},
  year={2007},
  publisher={Sage Publications Sage CA: Los Angeles, CA}
}

@article{austin2002alternative,
  title={An alternative accident prediction model for highway-rail interfaces},
  author={Austin, Ross D and Carson, Jodi L},
  journal={Accident Analysis \& Prevention},
  volume={34},
  number={1},
  pages={31--42},
  year={2002},
  publisher={Elsevier}
}


@techreport{tustin1986railroad,
  title={Railroad-highway grade crossing handbook},
  author={Tustin, BH and Richards, Hoy and McGee, Hugh and Patterson, Robert},
  year={1986},
  institution={United States. Federal Highway Administration}
}

@article{chadwick2014highway,
  title={Highway-rail grade crossing safety challenges for shared operations of high-speed passenger and heavy freight rail in the US},
  author={Chadwick, Samantha G and Zhou, Nanyan and Saat, Mohd Rapik},
  journal={Safety Science},
  volume={68},
  pages={128--137},
  year={2014},
  publisher={Elsevier}
}

@techreport{chaudhary2011railroad,
  title={Railroad right-of-way incident analysis research.},
  author={Chaudhary, Mina and Hellman, Adrian and Ngamdung, Tashi and others},
  year={2011},
  institution={United States. Federal Railroad Administration}
}

@techreport{saccomanno2003identifying,
  title={Identifying highway-railway grade crossing black spots: phase 1},
  author={Saccomanno, Frank and Fu, Liping and Ren, C and Miranda, L},
  year={2003}
}

@techreport{glover09,
  title={The Level Crossing Conundrum},
  author={Glover, J.},
  institution={Rail Professional (November)},
  year={2009}
}

@article{hall2007reducing,
  title={Reducing risk at automatically operated level crossings on public roads},
  author={Hall, Stan},
  year={2007},
  publisher={IET}
}

@techreport{horton2012use,
  title={Use of traffic channelization devices at highway-rail grade crossings},
  author={Horton, Suzanne M and others},
  year={2012},
  institution={United States. Federal Railroad Administration. Office of Research and~â€¦}
}


@article{shah2007automated,
  title={Automated visual surveillance in realistic scenarios},
  author={Shah, Mubarak and Javed, Omar and Shafique, Khurram},
  journal={IEEE MultiMedia},
  volume={14},
  number={1},
  pages={30--39},
  year={2007},
  publisher={IEEE}
}


@article{salmane2015video,
  title={A video-analysis-based railway--road safety system for detecting hazard situations at level crossings},
  author={Salmane, Houssam and Khoudour, Louahdi and Ruichek, Yassine},
  journal={IEEE transactions on intelligent transportation systems},
  volume={16},
  number={2},
  pages={596--609},
  year={2015},
  publisher={IEEE}
}


@article{zhang2018automated,
  title={Automated detection of grade-crossing-trespassing near misses based on computer vision analysis of surveillance video data},
  author={Zhang, Zhipeng and Trivedi, Chintan and Liu, Xiang},
  journal={Safety science},
  volume={110},
  pages={276--285},
  year={2018},
  publisher={Elsevier}
}

@inproceedings{benenson2014ten,
  title={Ten years of pedestrian detection, what have we learned?},
  author={Benenson, Rodrigo and Omran, Mohamed and Hosang, Jan and Schiele, Bernt},
  booktitle={European Conference on Computer Vision},
  pages={613--627},
  year={2014},
  organization={Springer}
}

@inproceedings{stauffer1999adaptive,
  title={Adaptive background mixture models for real-time tracking},
  author={Stauffer, Chris and Grimson, W Eric L},
  booktitle={Proceedings. 1999 IEEE Computer Society Conference on Computer Vision and Pattern Recognition (Cat. No PR00149)},
  volume={2},
  pages={246--252},
  year={1999},
  organization={IEEE}
}

@inproceedings{power2002understanding,
  title={Understanding background mixture models for foreground segmentation},
  author={Power, P Wayne and Schoonees, Johann A},
  booktitle={Proceedings image and vision computing New Zealand},
  volume={2002},
  year={2002}
}

@inproceedings{ref_fasterrcnn,
  title={Faster r-cnn: Towards real-time object detection with region proposal networks},
  author={Ren, Shaoqing and He, Kaiming and Girshick, Ross and Sun, Jian},
  booktitle={Advances in neural information processing systems},
  pages={91--99},
  year={2015}
}


@article{simonyan2014very,
  title={Very deep convolutional networks for large-scale image recognition},
  author={Simonyan, Karen and Zisserman, Andrew},
  journal={arXiv preprint arXiv:1409.1556},
  year={2014}
}


@inproceedings{he2016deep,
  title={Deep residual learning for image recognition},
  author={He, Kaiming and Zhang, Xiangyu and Ren, Shaoqing and Sun, Jian},
  booktitle={Proceedings of the IEEE conference on computer vision and pattern recognition},
  pages={770--778},
  year={2016}
}


@inproceedings{lin2017feature,
  title={Feature pyramid networks for object detection},
  author={Lin, Tsung-Yi and Doll{\'a}r, Piotr and Girshick, Ross and He, Kaiming and Hariharan, Bharath and Belongie, Serge},
  booktitle={Proceedings of the IEEE Conference on Computer Vision and Pattern Recognition},
  pages={2117--2125},
  year={2017}
}

@InProceedings{ref_fastrcnn,
author = {Girshick, Ross},
title = {Fast R-CNN},
booktitle = {The IEEE International Conference on Computer Vision (ICCV)},
month = {December},
year = {2015}
} 

@inproceedings{virat20,
  title={A large-scale benchmark dataset for event recognition in surveillance video},
  author={Oh, Sangmin and Hoogs, Anthony and Perera, Amitha and Cuntoor, Naresh and Chen, Chia-Chih and Lee, Jong Taek and Mukherjee, Saurajit and Aggarwal, JK and Lee, Hyungtae and Davis, Larry and others},
  booktitle={CVPR 2011},
  pages={3153--3160},
  year={2011},
  organization={IEEE}
}



@article{goldberg1998train,
  title={Train accidents involving pedestrians, motor vehicles, and motorcycles.},
  author={Goldberg, Benjamin A and Mootha, Ravi K and Lindsey, Ronald W},
  journal={American journal of orthopedics (Belle Mead, NJ)},
  volume={27},
  number={4},
  pages={315--320},
  year={1998}
}

@article{lobb2006trespassing,
  title={Trespassing on the tracks: A review of railway pedestrian safety research},
  author={Lobb, Brenda},
  journal={Journal of Safety Research},
  volume={37},
  number={4},
  pages={359--365},
  year={2006},
  publisher={Elsevier}
}


@article{pelletier1997deaths,
  title={Deaths among railroad trespassers: the role of alcohol in fatal injuries},
  author={Pelletier, Andrew},
  journal={JAMA},
  volume={277},
  number={13},
  pages={1064--1066},
  year={1997},
  publisher={American Medical Association}
}

@article{matzopoulos1998hours,
  title={Hours to hell and back: A social epidemiology of railway injury in a South African city, 1890--1995},
  author={Matzopoulos, Richard and Lerer, Leonard B},
  journal={Social science \& medicine},
  volume={47},
  number={1},
  pages={75--83},
  year={1998},
  publisher={Elsevier}
}



@article{lobb2003evaluation,
  title={An evaluation of four types of railway pedestrian crossing safety intervention},
  author={Lobb, Brenda and Harre, Niki and Terry, Nicola},
  journal={Accident Analysis \& Prevention},
  volume={35},
  number={4},
  pages={487--494},
  year={2003},
  publisher={Elsevier}
}


@article{evans2003accidental,
  title={Accidental fatalities in transport},
  author={Evans, Andrew W},
  journal={Journal of the Royal Statistical Society: Series A (Statistics in Society)},
  volume={166},
  number={2},
  pages={253--260},
  year={2003},
  publisher={Wiley Online Library}
}


@inproceedings{norouznezhad2008high,
  title={A high resolution smart camera with GigE Vision extension for surveillance applications},
  author={Norouznezhad, Ehsan and Bigdeli, Abbas and Postula, Adam and Lovell, Brian C},
  booktitle={2008 Second ACM/IEEE International Conference on Distributed Smart Cameras},
  pages={1--8},
  year={2008},
  organization={IEEE}
}


@article{russakovsky2015imagenet,
  title={Imagenet large scale visual recognition challenge},
  author={Russakovsky, Olga and Deng, Jia and Su, Hao and Krause, Jonathan and Satheesh, Sanjeev and Ma, Sean and Huang, Zhiheng and Karpathy, Andrej and Khosla, Aditya and Bernstein, Michael and others},
  journal={International journal of computer vision},
  volume={115},
  number={3},
  pages={211--252},
  year={2015},
  publisher={Springer}
}

@inproceedings{krizhevsky2012imagenet,
  title={Imagenet classification with deep convolutional neural networks},
  author={Krizhevsky, Alex and Sutskever, Ilya and Hinton, Geoffrey E},
  booktitle={Advances in neural information processing systems},
  pages={1097--1105},
  year={2012}
}


@article{sermanet2013overfeat,
  title={Overfeat: Integrated recognition, localization and detection using convolutional networks},
  author={Sermanet, Pierre and Eigen, David and Zhang, Xiang and Mathieu, Micha{\"e}l and Fergus, Rob and LeCun, Yann},
  journal={arXiv preprint arXiv:1312.6229},
  year={2013}
}


@inproceedings{girshick2014rich,
  title={Rich feature hierarchies for accurate object detection and semantic segmentation},
  author={Girshick, Ross and Donahue, Jeff and Darrell, Trevor and Malik, Jitendra},
  booktitle={Proceedings of the IEEE conference on computer vision and pattern recognition},
  pages={580--587},
  year={2014}
}


@inproceedings{girshick2015fast,
  title={Fast r-cnn},
  author={Girshick, Ross},
  booktitle={Proceedings of the IEEE international conference on computer vision},
  pages={1440--1448},
  year={2015}
}


@inproceedings{ren2015faster,
  title={Faster r-cnn: Towards real-time object detection with region proposal networks},
  author={Ren, Shaoqing and He, Kaiming and Girshick, Ross and Sun, Jian},
  booktitle={Advances in neural information processing systems},
  pages={91--99},
  year={2015}
}


@inproceedings{redmon2016you,
  title={You only look once: Unified, real-time object detection},
  author={Redmon, Joseph and Divvala, Santosh and Girshick, Ross and Farhadi, Ali},
  booktitle={Proceedings of the IEEE conference on computer vision and pattern recognition},
  pages={779--788},
  year={2016}
}

@article{redmon2018yolov3,
  title={Yolov3: An incremental improvement},
  author={Redmon, Joseph and Farhadi, Ali},
  journal={arXiv preprint arXiv:1804.02767},
  year={2018}
}


@inproceedings{liu2016ssd,
  title={Ssd: Single shot multibox detector},
  author={Liu, Wei and Anguelov, Dragomir and Erhan, Dumitru and Szegedy, Christian and Reed, Scott and Fu, Cheng-Yang and Berg, Alexander C},
  booktitle={European conference on computer vision},
  pages={21--37},
  year={2016},
  organization={Springer}
}


@article{uijlings2013selective,
  title={Selective search for object recognition},
  author={Uijlings, Jasper RR and Van De Sande, Koen EA and Gevers, Theo and Smeulders, Arnold WM},
  journal={International journal of computer vision},
  volume={104},
  number={2},
  pages={154--171},
  year={2013},
  publisher={Springer}
}
















